<record><leader>00000cas a22000008i 4500</leader><controlfield tag="001">946041239</controlfield><controlfield tag="008">160406c20169999cauwr n       0   e0chi  </controlfield><datafield ind1=" " ind2=" " tag="010"><subfield code="a">  2016200408</subfield></datafield><datafield ind1=" " ind2=" " tag="040"><subfield code="a">DLC</subfield><subfield code="e">rda</subfield><subfield code="c">DLC</subfield><subfield code="b">eng</subfield><subfield code="d">DLC</subfield></datafield><datafield ind1=" " ind2=" " tag="066"><subfield code="c">$1</subfield></datafield><datafield ind1=" " ind2=" " tag="012"><subfield code="l">1</subfield></datafield><datafield ind1="0" ind2=" " tag="022"><subfield code="a">2471-7673</subfield><subfield code="2">1</subfield></datafield><datafield ind1=" " ind2=" " tag="037"><subfield code="b">2410 Camino Ramon, Suite 105, San Ramon, CA 94583</subfield><subfield code="c">$10.00 per month</subfield></datafield><datafield ind1=" " ind2=" " tag="042"><subfield code="a">msc</subfield></datafield><datafield ind1="1" ind2="0" tag="050"><subfield code="a">ISSN RECORD</subfield></datafield><datafield ind1="0" ind2="0" tag="245"><subfield code="6">880-01</subfield><subfield code="a">Gui Gu Zhong Guo Bao.</subfield></datafield><datafield ind1=" " ind2=" " tag="263"><subfield code="a">201604</subfield></datafield><datafield ind1=" " ind2="1" tag="264"><subfield code="a">San Ramon, CA :</subfield><subfield code="b">Silicon Valley China Culture and Media Group Corp.</subfield></datafield><datafield ind1=" " ind2=" " tag="310"><subfield code="a">Weekly</subfield></datafield><datafield ind1=" " ind2=" " tag="336"><subfield code="a">text</subfield><subfield code="b">txt</subfield><subfield code="2">rdacontent</subfield></datafield><datafield ind1=" " ind2=" " tag="337"><subfield code="a">unmediated</subfield><subfield code="b">n</subfield><subfield code="2">rdamedia</subfield></datafield><datafield ind1=" " ind2=" " tag="338"><subfield code="a">volume</subfield><subfield code="b">nc</subfield><subfield code="2">rdacarrier</subfield></datafield><datafield ind1="4" ind2="2" tag="856"><subfield code="u">http://www.guiguzhongguo.com</subfield></datafield><datafield ind1="0" ind2="0" tag="880"><subfield code="6">245-01/$1</subfield><subfield code="a">&#30789;&#35895;&#20013;&#22269;&#25253;.</subfield></datafield><datafield ind1=" " ind2=" " tag="936"><subfield code="a">PREPUB: Publication expected: April 2016</subfield></datafield></record>